@article{Byers,
author = {Byers, John W and Luby, Michael and Mitzenmacher, Michael},
file = {:C$\backslash$:/Users/cryga/Documents/Universit{\`{a}}/Magistrale/Wireless communications/Progetto/Papers/Read/1 - A Digital Fountain Approach to reliable distribution of bulk data.pdf:pdf},
title = {{A Digital Fountain Approach to Reliable Distribution of Bulk Data}}
}

@article{Lu,
author = {Lu, Feng},
file = {:C$\backslash$:/Users/cryga/Documents/Universit{\`{a}}/Magistrale/Wireless communications/Progetto/Papers/Read/10 - LT codes decoding, design and analysis.pdf:pdf},
pages = {1--5},
title = {{LT Codes Decoding : Design and Analysis}}
}

@article{Luby,
author = {Luby, Michael},
file = {:C$\backslash$:/Users/cryga/Documents/Universit{\`{a}}/Magistrale/Wireless communications/Progetto/Papers/Read/8 -  LT codes.pdf:pdf},
keywords = {balls and bins,erasure codes,randomized algorithms,rateless codes,reliable transport,universal codes},
title = {{LT Codes}}
}

@article{Karp2004,
author = {Karp, Richard and Luby, Michael},
file = {:C$\backslash$:/Users/cryga/Documents/Universit{\`{a}}/Magistrale/Wireless communications/Progetto/Papers/Read/9 - Finite length analysis of LT codes.pdf:pdf},
pages = {2004},
title = {{Finite Length Analysis of LT Codes}},
year = {2004}
}

@article{Hyytia2007,
author = {Hyyti{\"{a}}, Esa},
file = {:C$\backslash$:/Users/cryga/Documents/Universit{\`{a}}/Magistrale/Wireless communications/Progetto/Papers/Read/12 - Optimal Degree Distribution for LT Codes with small message length.pdf:pdf},
keywords = {Optimal Degree Distribution for LT Codes with Small Message Length},
pages = {2576--2580},
title = {{Optimal Degree Distribution for LT Codes with Small Message Length}},
year = {2007}
}
